@article{Kamal2013Model,
  title={Model Predictive Control of Vehicles on Urban Roads for Improved Fuel Economy},
  author={Kamal, Md. Abdus Samad and Mukai, Masakazu and Murata, Junichi and Kawabe, Taketoshi},
  journal={IEEE Transactions on Control Systems Technology},
  volume={21},
  number={3},
  pages={831-841},
  year={2013},
}

@book{PETERD2007Functional,
  title={Functional analysis},
  author={Peterd Lax},
  publisher={Higher Education Press},
  year={2007},
}

@inproceedings{Chaloulos2010Distributed,
  title={Distributed hierarchical MPC for conflict resolution in air traffic control},
  author={Chaloulos, G. and Hokayem, P. and Lygeros, J.},
  booktitle={American Control Conference},
  pages={3945-3950},
  year={2010},
}

@TechReport{Adrienne2016Your,
  author =      {Adrienne Lafrance},
  title =       {Your Grandmother’s Driverless Car},
  institution = {The Atlantic},
  year =        {2016}
}

@inproceedings{Azimi2011Vehicular,
  title={Vehicular Networks for Collision Avoidance at Intersections},
  author={Azimi, Seyed Reza},
  booktitle={SAE},
  pages={406-416},
  year={2011},
}

@article{Campos2017Traffic,
  title={Traffic Coordination at Road Intersections: Autonomous Decision-Making Algorithms Using Model-Based Heuristics},
  author={Campos, Gabriel Rodrigues De and Falcone, Paolo and Hult, Robert and Wymeersch, Henk and Sjoberg, Jonas},
  journal={IEEE Intelligent Transportation Systems Magazine},
  volume={9},
  year={2017},
}

@inproceedings{Fankhauser2011Collision,
  title={Collision-free intersection crossing of mobile robots using decentralized navigation functions on predefined paths},
  author={Fankhauser, Benjamin and Makarem, Laleh and Gillet, Denis},
  booktitle={IEEE  International Conference on Cybernetics and Intelligent Systems},
  pages={392-397},
  year={2011},
}

@inproceedings{Kim2013Collision,
  title={Collision free autonomous ground traffic: a model predictive control approach},
  author={Kim, Kyoung Dae},
  booktitle={ACM/IEEE International Conference on Cyber-Physical Systems},
  pages={51-60},
  year={2013},
}

@Article{Amoozadeh2015Security,
  author =  {Amoozadeh, M and Raghuramu, A and Chuah, Chen Nee and Ghosal, D},
  title =   {Security vulnerabilities of connected vehicle streams and their impact on cooperative driving},
  journal = {IEEE Communications Magazine},
  year =    {2015},
  volume =  {53},
  number =  {6},
  pages =   {126-132}
}

@Article{Bojarski2016End,
  author =  {Bojarski M, Del Testa D, Dworakowski D, et al.},
  title =   {End to end learning for self-driving cars[J]},
  journal = {arXiv preprint arXiv:1604.07316},
  year =    {2016}
}

@Article{Brannstrom2010Model,
  author =  {Brannstrom, M and Coelingh, E and Sjoberg, J},
  title =   {Model-Based Threat Assessment for Avoiding Arbitrary Vehicle Collisions},
  journal = {Intelligent Transportation Systems IEEE Transactions on},
  year =    {2010},
  volume =  {11},
  number =  {3},
  pages =   {658-669}
}

@Article{Chapman2010USING,
  author = {Chapman, Michael and Drobot, Sheldon and Jensen, Tara and Johansen, Christian},
  title =  {USING VEHICLE PROBE DATA TO DIAGNOSE ROAD WEATHER CONDITIONS - RESULTS FROM THE DETROIT INTELLIDRIVE(SM) FIELD STUDY},
  year =   {2010}
}

@article{Murray1993Nonholonomic,
  title={Nonholonomic motion planning: steering using sinusoids},
  author={Murray, Richard M and Sastry, S. Shankar},
  journal={IEEE Transactions on Automatic Control},
  volume={38},
  number={5},
  pages={700 - 716},
  year={1993},
}

@article{Reeds1990Optimal,
  title={Optimal paths for a car that goes both forwards and backwards.},
  author={Reeds, J. A. and Shepp, L. A.},
  journal={Pacific Journal of Mathematics},
  volume={145},
  number={2},
  pages={367-393},
  year={1990},
}

@article{Dubins1957On,
  title={On Curves of Minimal Length with a Constraint on Average Curvature, and with Prescribed Initial and Terminal Positions and Tangents},
  author={Dubins, L. E.},
  journal={American Journal of Mathematics},
  volume={79},
  number={3},
  pages={497-516},
  year={1957},
}

@article{Goldstein2002Classical,
  title={Classical Mechanics},
  author={Goldstein, Herbert and Twersky, Vic},
  journal={Physics Today},
  volume={5},
  number={9},
  pages={19-20},
  year={2002},
}

@book{Lavalle2006Planning,
  title={Planning algorithms},
  author={Lavalle, Stevenm.},
  publisher={Cambridge University Press},
  year={2006},
}

@inproceedings{Baker2008Traffic,
  title={Traffic interaction in the urban challenge: Putting boss on its best behavior},
  author={Baker, C. R and Dolan, J. M},
  booktitle={Ieee/rsj International Conference on Intelligent Robots and Systems},
  pages={1752-1758},
  year={2008},
}

@article{Lozano1979An,
  title={An algorithm for planning collision-free paths among polyhedral obstacles},
  author={Lozano-P and Rez, Tom and Wesley, Michael A},
  journal={Communications of the Acm},
  volume={22},
  number={10},
  pages={560-570},
  year={1979},
}

@article{Storer1994Shortest,
  title={Shortest paths in the plane with polygonal obstacles},
  author={Storer, James A and Reif, John H},
  journal={Journal of the Acm},
  volume={41},
  number={5},
  pages={982-1012},
  year={1994},
}

@article{Overmars1988New,
  title={New methods for computing visibility graphs},
  author={Overmars, M. H and Welzl, E},
  journal={Utrecht},
  number={88-07},
  year={1988},
}

@article{Betts1998Survey,
  title={Survey of Numerical Methods for Trajectory Optimization},
  author={Betts, John T.},
  journal={Journal of Guidance Control \& Dynamics},
  volume={21},
  number={2},
  pages={193-207},
  year={1998},
}

@article{Darby2011An,
  title={An hp adaptive pseudospectral method for solving optimal control problems},
  author={Darby, Christopher L and Hager, William W and Rao, Anil V},
  journal={Optimal Control Applications \& Methods},
  volume={32},
  number={4},
  pages={476-502},
  year={2011},
}

@inproceedings{Backer2007Finding,
  title={Finding curvature-constrained paths that avoid polygonal obstacles},
  author={Backer, Jonathan and Kirkpatrick, David},
  booktitle={Symposium on Computational Geometry},
  pages={66-73},
  year={2007},
}

@book{Wang1996Approximation,
  title={Approximation Algorithms for Curvature Constrained Shortest Paths},
  author={Wang, Hongyan and Agarwal, K P},
  publisher={Duke University},
  pages={1739-1772},
  year={1996},
}

@article{Lavalle1999Rapidly,
  title={Rapidly-Exploring Random Trees: A New Tool for Path Planning},
  author={Lavalle, Steven M.},
  journal={Algorithmic \& Computational Robotics New Directions},
  pages={293-308},
  year={1999},
}

@inproceedings{Kumar2013Learning,
  title={Learning-based approach for online lane change intention prediction},
  author={Kumar, P and Perrollaz, M and Lefevre, S and Laugier, C},
  booktitle={IEEE Intelligent Vehicles Symposium},
  pages={797-802},
  year={2013},
}

@inproceedings{Lidstrom2008Model,
  title={Model-based Estimation of Driver Intentions Using Particle Filtering},
  author={Lidstrom, K and Larsson, T},
  booktitle={International IEEE Conference on Intelligent Transportation Systems},
  pages={1177-1182},
  year={2008},
}

@article{Chong2013A,
  title={A rule-based neural network approach to model driver naturalistic behavior in traffic},
  author={Chong, Linsen and Abbas, Montasir M and Medina Flintsch, Alejandra and Higgs, Bryan},
  journal={Tramsportation Research Part C Emerging Technologies},
  volume={32},
  number={4},
  pages={207-223},
  year={2013},
}

@inproceedings{Brechtel2011Probabilistic,
  title={Probabilistic MDP-behavior planning for cars},
  author={Brechtel, S and Gindele, T and Dillmann, R},
  booktitle={International IEEE Conference on Intelligent Transportation Systems},
  pages={1537-1542},
  year={2011},
}

@inproceedings{Ulbrich2013Probabilistic,
  title={Probabilistic online POMDP decision making for lane changes in fully automated driving},
  author={Ulbrich, S. and Maurer, M.},
  booktitle={International IEEE Conference on Intelligent Transportation Systems},
  pages={2063-2067},
  year={2013},
}

@article{Schubert2012Evaluating,
  title={Evaluating the Utility of Driving: Toward Automated Decision Making Under Uncertainty},
  author={Schubert, Robin},
  journal={Intelligent Transportation Systems IEEE Transactions on},
  volume={13},
  number={1},
  pages={354-364},
  year={2012},
}

@book{Raravi2007Merge,
  title={Merge Algorithms for Intelligent Vehicles},
  author={Raravi, Gurulingesh and Shingde, Vipul and Ramamritham, Krithi and Bharadia, Jatin},
  publisher={Springer Netherlands},
  pages={51-65},
  year={2007},
}

@article{Milanes2011Automated,
  title={Automated On-Ramp Merging System for Congested Traffic Situations},
  author={Milanes, V and Godoy, J and Villagra, J and Perez, J},
  journal={IEEE Transactions on Intelligent Transportation Systems},
  volume={12},
  number={2},
  pages={500-508},
  year={2011},
}

@inproceedings{Milan2011AUTOPIA,
  title={AUTOPIA Program Advances: How to Automate the Traffic?},
  author={Milanes, Vicente and Onieva, Enrique and Perez, Joshue and Villagra, Jorge and Godoy, Jorge and Alonso, Javier and Gonzalez, Carlos and Pedro, Teresa De and Garcia, Ricardo},
  booktitle={Computer Aided Systems Theory - Eurocast 2011 -  International Conference, Las Palmas De Gran Canaria, Spain, February 6-11, 2011, Revised Selected Papers},
  pages={374-381},
  year={2011},
}

@article{Kolodko2003Cooperative,
  title={Cooperative autonomous driving at the Intelligent Control Systems Laboratory},
  author={Kolodko, J and Vlacic, L},
  journal={Intelligent Systems IEEE},
  volume={18},
  number={4},
  pages={8-11},
  year={2003},
}

@inproceedings{Sakaguchi1999Inter,
  title={Inter-vehicle communications for merging control},
  author={Sakaguchi, T. and Uno, A. and Tsugawa, S.},
  booktitle={Vehicle Electronics Conference},
  pages={365-370 vol.1},
  year={1999},
}

@inproceedings{Uno1999A,
  title={A Merging Control Algorithm of Automated Vehicles Based on Inter-Vehicle Communications},
  author={Uno, Atsuya and Sakaguchi, Takeshi and Tsugawa, Sadayuki},
  booktitle={Ieee/ieej/jsai International Conference on Intelligent Transportation Systems, 1999. Proceedings},
  pages={783-787},
  year={1999},
}

@article{Abbas2013Radio,
  title={Radio Channel Properties for Vehicular Communication: Merging Lanes Versus Urban Intersections},
  author={Abbas, Taimoor and Bernado, Laura and Thiel, Andreas and Mecklenbrauker, Christoph},
  journal={IEEE Vehicular Technology Magazine},
  volume={8},
  number={4},
  pages={27-34},
  year={2013},
}

@inproceedings{Avin2012Optimal,
  title={Optimal virtual traffic light placement},
  author={Avin, Chen and Borokhovich, Michael and Haddad, Yoram and Lotker, Zvi},
  booktitle={International Workshop on Foundations of Mobile Computing},
  pages={6},
  year={2012},
}

@article{Baselt2014Merging,
  title={Merging lanes—fairness through communication},
  author={Baselt, D. and Knorr, F. and Scheuermann, B. and Schreckenberg, M. and Mauve, M.},
  journal={Vehicular Communications},
  volume={1},
  number={2},
  pages={97-104},
  year={2014},
}

@inproceedings{Xu2002Effects,
  title={Effects of vehicle-vehicle/roadside-vehicle communication on adaptive cruise controlled highway systems},
  author={Xu, Qing and Hedrick, K and Sengupta, Raja and Vanderwerf, J},
  booktitle={Vehicular Technology Conference, 2002. Proceedings. Vtc 2002-Fall. 2002 IEEE},
  pages={1249-1253 vol.2},
  year={2002},
}

@inproceedings{Xu2003Simulation,
  title={Simulation, analysis, and comparison of ACC and CACC in highway merging control},
  author={Xu, Qing and Sengupta, R.},
  booktitle={Intelligent Vehicles Symposium, 2003. Proceedings. IEEE},
  pages={237-242},
  year={2003},
}

@inproceedings{Gradinescu2007Adaptive,
  title={Adaptive Traffic Lights Using Car-to-Car Communication},
  author={Gradinescu, Victor and Gorgorin, Cristian and Diaconescu, Raluca and Cristea, Valentin},
  booktitle={Vehicular Technology Conference, 2007. Vtc2007-Spring. IEEE},
  pages={21-25},
  year={2007},
}

@inproceedings{Wang2009Robust,
  title={Robust traffic merging strategies for sensor-enabled cars using time geography},
  author={Wang, Ziyuan and Kulik, Lars and Ramamohanarao, Kotagiri},
  booktitle={ACM Sigspatial International Symposium on Advances in Geographic Information Systems, Acm-Gis 2009, November 4-6, 2009, Seattle, Washington, Usa, Proceedings},
  pages={362-371},
  year={2009},
}

@article{Kanaris2001Strategies,
  title={Strategies and spacing requirements for lane changing and merging in automated highway systems},
  author={Kanaris, A. and Kosmatopoulos, E. B. and Loannou, P. A.},
  journal={IEEE Transactions on Vehicular Technology},
  volume={50},
  number={6},
  pages={1568-1581},
  year={2001},
}

@article{David1997Path,
  title={Path Planning In Expansive Configuration Spaces},
  author={David  Hsu and Jeanclaude  Latombe and Rajeev  Motwani},
  journal={International Journal of Computational Geometry \& Applications},
  volume={09},
  number={4n05},
  pages={495-512},
  year={1997},
}

@inproceedings{Hart2010A,
  title={A formal basis for the heuristic determination of minmum cost paths},
  author={Hart, By P E and Nilsson, N J and Raphael},
  booktitle={A*, Ref. Aus},
  year={2010},
}

@inproceedings{Glassman2010A,
  title={A quadratic regulator-based heuristic for rapidly exploring state space},
  author={Glassman, E and Tedrake, R},
  booktitle={IEEE International Conference on Robotics and Automation},
  pages={5021-5028},
  year={2010},
}

@article{Ziegler2014Making,
  title={Making Bertha Drive—An Autonomous Journey on a Historic Route},
  author={Ziegler, J and Bender, P and Schreiber, M and Lategahn, H},
  journal={Intelligent Transportation Systems Magazine IEEE},
  volume={6},
  number={2},
  pages={8-20},
  year={2014},
}

@inproceedings{Canny1987New,
  title={New lower bound techniques for robot motion planning problems},
  author={Canny, John and Reif, John},
  booktitle={Foundations of Computer Science, 1987.,  Symposium on},
  pages={49-60},
  year={1987},
}

@inproceedings{Reif1998The,
  title={The complexity of the two dimensional curvature-constrained shortest-path problem},
  author={Reif, John and Wang, Hongyan},
  booktitle={The Workshop on the Algorithmic Foundations of Robotics on Robotics : the Algorithmic Perspective: the Algorithmic Perspective},
  pages={49-57},
  year={1998},
}

@article{Canny1988The,
  title={The Complexity of Robot Motion Planning},
  author={Canny, John},
  volume={13},
  pages={27-32},
  year={1988},
}

@inproceedings{Reif1979Complexity,
  title={Complexity of the mover's problem and generalizations},
  author={Reif, J. H},
  booktitle={Foundations of Computer Science, 1979.,  Symposium on},
  pages={421-427},
  year={1979},
}

@article{Montemerlo2008Junior,
  title={Junior: The Stanford entry in the Urban Challenge},
  author={Montemerlo, Michael and Becker, Jan and Bhat, Suhrid and Dahlkamp, Hendrik and Dolgov, Dmitri and Ettinger, Scott and Haehnel, Dirk and Hilden, Tim and Hoffmann, Gabe and Huhnke, Burkhard},
  journal={Journal of Field Robotics},
  volume={25},
  number={9},
  pages={569-597},
  year={2008},
}

@inproceedings{Wei2011A,
  title={A point-based MDP for robust single-lane autonomous driving behavior under uncertainties},
  author={Wei, Junqing and Dolan, John M. and Snider, Jarrod M. and Litkouhi, Bakhtiar},
  booktitle={IEEE International Conference on Robotics and Automation},
  pages={2586-2592},
  year={2011},
}

@article{Cao2012An,
  title={An Overview of Recent Progress in the Study of Distributed Multi-Agent Coordination},
  author={Cao, Yongcan and Yu, Wenwu and Ren, Wei and Chen, Guanrong},
  journal={IEEE Transactions on Industrial Informatics},
  volume={9},
  number={1},
  pages={427-438},
  year={2012},
}

@book{Buehler2009The,
  title={The DARPA Urban Challenge: Autonomous Vehicles in City Traffic},
  author={Buehler, Martin and Iagnemma, Karl and Singh, Sanjiv},
  publisher={Springer Publishing Company, Incorporated},
  pages={6},
  year={2009},
}

@InProceedings{Chen2014Cooperative,
  author =    {Chen, Lei and Englund, Cristofer},
  title =     {Cooperative ITS — EU standards to accelerate cooperative mobility},
  booktitle = {International Conference on Connected Vehicles and Expo},
  year =      {2014},
  pages =     {681-686}
}

@InProceedings{Danno2009VEHICLE,
  author =    {Danno, Mikio and Yang, Xiaoguang and Jiao, Yao and Tong, Zhu and Miyaji, Masahiro},
  title =     {VEHICLE-INFRASTRUCTURE INTEGRATION EXPERIMENTAL PLATFORM BASED ON HOLOGRAPHIC INFORMATION},
  booktitle = {World Congress},
  year =      {2009}
}

@InProceedings{De2013Autonomous,
  author =    {De Campos, G. R and Falcone, P and Sjoberg, J},
  title =     {Autonomous cooperative driving: A velocity-based negotiation approach for intersection crossing},
  booktitle = {International IEEE Conference on Intelligent Transportation Systems},
  year =      {2013},
  pages =     {1456-1461}
}

@Article{Dickmanns1988Dynamic,
  author =  {Dickmanns, Ernst Dieter and Graefe, Volker},
  title =   {Dynamic monocular machine vision},
  journal = {Machine Vision and Applications},
  year =    {1988},
  volume =  {1},
  number =  {4},
  pages =   {223-240}
}

@inproceedings{Dickmanns1997Vehicles,
  title={Vehicles capable of dynamic vision},
  author={Dickmanns, Ernst D},
  booktitle={Fifteenth International Joint Conference on Artifical Intelligence},
  pages={1577-1592},
  year={1997},
}

@Article{Dijkstra1959A,
  author =  {Dijkstra, E. W.},
  title =   {A note on two problems in connexion with graphs},
  journal = {Numerische Mathematik},
  year =    {1959},
  volume =  {1},
  number =  {1},
  pages =   {269-271}
}

@Article{Englund2016The,
  author = {Englund, Cristofer and Chen, Lei and Ploeg, Jeroen and Semsar-Kazerooni, Elham and Voronov, Alexey and Bengtsson, Hoai Hoang and Didoff, Jonas},
  title =  {The Grand Cooperative Driving Challenge 2016: Boosting the introduction of cooperative automated vehicles},
  year =   {2016},
  volume = {23},
  number = {4},
  pages =  {146-152}
}

@misc{eureka2016,
  title = {Eureka Prometheus Project},
  howpublished = {\url{https://en.wikipedia.org/wiki/Eureka_Prometheus_Project}},
  url = {https://en.wikipedia.org/wiki/Eureka_Prometheus_Project},
  note = {Accessed: 2016-02-12}
}

@Article{Geisberger2012Exact,
  author =  {Geisberger, Robert and Sanders, Peter and Schultes, Dominik and Vetter, Christian},
  title =   {Exact Routing in Large Road Networks Using Contraction Hierarchies},
  journal = {Transportation Science},
  year =    {2012},
  volume =  {46},
  number =  {3},
  pages =   {388-404}
}

@Article{Gerdes2001A,
  author =  {Gerdes, J Christian and Rossetter, Eric J},
  title =   {A unified approach to driver assistance systems based on artificial potential fields},
  journal = {Asme Journal of Dynamic Systems Measurement \& Control},
  year =    {2001},
  volume =  {123},
  number =  {3},
  pages =   {431-438}
}

@InProceedings{Goldberg2003Computing,
  author =    {Goldberg and Andrew, V and Harrelson and Chris},
  title =     {Computing the shortest path: A search meets graph theory},
  booktitle = {Proc Soda},
  year =      {2003},
  pages =     {156--165}
}

@misc{google2017self,
  title = {Google Self-Driving Car Project},
  howpublished = {\url{https://www.google.com/selfdrivingcar/}},
  url = {https://www.google.com/selfdrivingcar/},
  note = {Accessed: 2017-03-05}
}

@Conference{Hiroshi2005Smartway,
  author =    {Hiroshi Makino},
  title =     {Smartway Project [R]},
  booktitle = {12th ITS World Congress},
  year =      {2005}
}

@Article{Kato2002VEHICLE,
  author =  {Kato, Shin and Tsugawa, Sadayuki and Tokuda, Kiyohito and Matsui, Takeshi and Fujii, Haruki},
  title =   {VEHICLE CONTROL ALGORITHMS FOR COOPERATIVE DRIVING WITH AUTOMATED VEHICLES AND INTERVEHICLE COMMUNICATIONS},
  journal = {IEEE Transactions on Intelligent Transportation Systems},
  year =    {2002},
  volume =  {3},
  number =  {3},
  pages =   {155-161}
}

@InProceedings{Nilsson1969A,
  author =    {Nilsson, Nils J},
  title =     {A mobius automation: an application of artificial intelligence techniques},
  booktitle = {International Joint Conference on Artificial Intelligence},
  year =      {1969},
  pages =     {509-520}
}

@article{paden2016survey,
  title={A Survey of Motion Planning and Control Techniques for Self-driving Urban Vehicles},
  author={Paden, Brian and {\v{C}}{\'a}p, Michal and Yong, Sze Zheng and Yershov, Dmitry and Frazzoli, Emilio},
  journal={IEEE Transactions on Intelligent Vehicles},
  volume={1},
  number={1},
  pages={33--55},
  year={2016},
  publisher={IEEE}
}

@Article{Ploeg2014Analysis,
  author =  {Ploeg},
  title =   {Analysis and design of controllers for cooperative and automated driving},
  journal = {Technische Universiteitndhoven},
  year =    {2014}
}

@Book{Rajamani2011Vehicle,
  title =     {Vehicle dynamics and control},
  publisher = {Springer Science \& Business Media},
  year =      {2011},
  author =    {R. Rajamani}
}

@TechReport{SO2014Taxonomy,
  author =      {S. O.-R. A. V. S. Committee et al.},
  title =       {Taxonomy and definitions for terms related to on-road motor vehicle automated driving systems},
  year =        {2014}
}

@misc{tesla2017model,
  title = {Tesla Motors: Model S Press Kit},
  howpublished = {\url{https://www.tesla.com/presskit/autopilot}},
  url = {https://www.tesla.com/presskit/autopilot},
  note = {Accessed: 2017-03-05}
}

@Article{Thrun2010Toward,
  author =  {Thrun, Sebastian},
  title =   {Toward Robotic Cars},
  journal = {Communications of the Acm},
  year =    {2010},
  volume =  {53},
  number =  {4},
  pages =   {99-106}
}

@InProceedings{Tian2010A,
  author =    {Tian, Daxin and Wang, Yunpeng and Lu, Guangquan and Yu, Guizhen},
  title =     {A VANETs routing algorithm based on Euclidean distance clustering},
  booktitle = {International Conference on Future Computer and Communication},
  year =      {2010},
  pages =     {V1-183-V1-187}
}

@Article{Vahidi2003Research,
  author =  {Vahidi, A and Eskandarian, A},
  title =   {Research advances in intelligent collision avoidance and adaptive cruise control},
  journal = {IEEE Transactions on Intelligent Transportation Systems},
  year =    {2003},
  volume =  {4},
  number =  {3},
  pages =   {143-153}
}

@misc{vamp2017,
  title = {VaMP Driverless Car},
  howpublished = {\url{https://en.wikipedia.org/wiki/VaMP}},
  url = {https://en.wikipedia.org/wiki/VaMP},
  note = {Accessed: 2017-01-03}
}

@Article{Xin2014China,
  author =  {J. Xin, C. Wang, Z. Zhang, and N. Zheng},
  title =   {China future challenge: Beyond the intelligent vehicle},
  journal = {IEEE Intell. Transp. Syst. Soc. Newslett},
  year =    {2014},
  volume =  {16},
  pages =   {8-10}
}

@inproceedings{陈超2010国内外车路协同系统发展现状综述,
  title={国内外车路协同系统发展现状综述},
  author={陈超 and 吕植勇 and 竹姗姗 and 彭琪},
  booktitle={海峡两岸智能运输系统学术研讨会},
  year={2010},
}

@article{贾鹏2014智能车路协同系统发展现状与趋势,
  title={智能车路协同系统发展现状与趋势},
  author={贾鹏 and 冯明月 and 张志超},
  journal={军事交通学院学报},
  volume={16},
  number={2},
  pages={39-42},
  year={2014},
}

@PhdThesis{王振华2016交织区,
  author = {王振华},
  title =  {车路协同环境下城市道路交织区驾驶行为特性及控制策略研究},
  school = {北京交通大学},
  year =   {2016}
}

@Article{王祺2009一种基于车间通信的交通信息采集方法,
  author =  {王祺 and 胡坚明 and 王易之 and 张毅},
  title =   {一种基于车间通信的交通信息采集方法},
  journal = {吉林大学学报(工)},
  year =    {2009},
  number =  {S2},
  pages =   {7-12}
}

@Article{谢志萍2016智能网联汽车环境感知技术的发展和研究现状,
  author =  {谢志萍 and 雷莉萍},
  title =   {智能网联汽车环境感知技术的发展和研究现状},
  journal = {成都工业学院学报},
  year =    {2016},
  volume =  {19},
  number =  {4}
}

@article{姚佼2013车路协同环境下城市交通控制研究,
  title={车路协同环境下城市交通控制研究},
  author={姚佼 and 杨晓光},
  journal={上海理工大学学报},
  volume={35},
  number={4},
  pages={397-403},
  year={2013},
}

@article{Malikopoulos2016A,
  title={A Decentralized Optimal Control Framework for Connected and Automated Vehicles at Urban Intersections},
  author={Malikopoulos, Andreas A. and Cassandras, Christos G. and Zhang, Yue J.},
  year={2016},
}

@article{Rios2016Automated,
  title={Automated and Cooperative Vehicle Merging at Highway On-Ramps},
  author={Rios-Torres, Jackeline and Malikopoulos, Andreas A.},
  journal={IEEE Transactions on Intelligent Transportation Systems},
  volume={PP},
  number={99},
  pages={1-10},
  year={2016},
}

% In original template
@book{IEEE-1363,
  author =       {{IEEE Std 1363-2000}},
  title =        {{IEEE} Standard Specifications for Public-Key Cryptography},
  address =      {New York},
  publisher =    {IEEE},
  year =         2000
}

@inproceedings{kocher99,
  author =       {C. Kocher and J. Jaffe and B. Jun},
  title =        {Differential Power Analysis},
  editor =       {M. Wiener},
  booktitle =    {Advances in Cryptology ({CRYPTO}~'99)},
  series =       {Lecture Notes in Computer Science},
  volume =       1666,
  pages =        {388-397},
  publisher =    {Springer-Verlag},
  month =        {August},
  year =         1999
}

@incollection{Krasnogor2004e,
  author =       {N. Krasnogor},
  title =        {Towards robust memetic algorithms},
  booktitle =    {Recent Advances in Memetic Algorithms},
  publisher =    {Springer Berlin Heidelberg},
  year =         2004,
  pages =        {185-207},
  editor =       {W.E. Hart and N. Krasnogor and J.E. Smith},
  volume =       166,
  series =       {Studies in Fuzziness and Soft Computing},
  address =      {New York},
}

@incollection{zjsw,
  author =       {班固},
  title =        {苏武传},
  booktitle =    {传记散文英华},
  publisher =    {湖北人民出版社},
  year =         1998,
  pages =        {65-69},
  editor =       {郑在瀛 and 汪超宏 and 周文复},
  volume =       2,
  series =       {新古文观止丛书},
  address =      {武汉},
  lang =         {zh},
}

@inbook{clzs,
  author =       {阎真},
  title =        {沧浪之水},
  chapter =      {大人物还是讲人情的},
  pages =        {185-207},
  publisher =    {人民文学出版社},
  year =         2001,
  lang =         {zh},
}

@book{tex,
  author =       "Donald E. Knuth",
  title =        "The {\TeX} Book",
  publisher =    "Addison-Wesley Publishing Company",
  address =      "Reading, MA",
  year =         1989,
  edition =      "15th",
}

@book{companion,
  author =       "Michel Goosens and Frank Mittelbach and Alexander Samarin",
  title =        "The {\LaTeX} Companion",
  publisher =    "Addison-Wesley Publishing Company",
  address =      "Reading, MA",
  PAGES =        "112--125",
  year =         1994,
}

@article{ELIDRISSI94,
  author =       "{Chafik El Idrissi}, M. and {Roney}, A. and {Frigon}, C. and
                  {Larzilli{\`e}re}, M.",
  title =        "Measurements of total kinetic-energy released to the {$N=2$}
                  dissociation limit of {H}$_2$ --- evidence of the dissociation
                  of very high vibrational {R}ydberg states of {H}$_2$ by
                  doubly-excited states",
  journal =      "Chemical Physics Letters",
  pages =        "260-266",
  volume =       224,
  number =       10,
  year =         1994,
}

@article{MELLINGER96,
  author =       "Mellinger, A. and Vidal, C. R. and Jungen, Ch.",
  title =        "Laser reduced fluorescence study of the carbon-monoxide nd
                  triplet {R}ydberg series-experimental results and multichannel
                  quantum-defect analysis",
  journal =      "J. Chem. Phys.",
  pages =        "8913-8921",
  volume =       104,
  number =       5,
  year =         1996,
}

@article{SHELL02,
  author =       "Michael Shell",
  title =        "How to Use the {IEEEtran \LaTeX} Class",
  journal =      "Journal of {\LaTeX} Class Files",
  year =         2002,
  volume =       12,
  number =       4,
  pages =        "100--120"
}

@TechReport{NPB2,
  title =        {The {NAS} Parallel Benchmarks 2.0},
  author =       {Alex Woo and David Bailey and Maurice Yarrow and Wijngaart
                  Wijngaart and Tim Harris and William Saphir},
  year =         1995,
  month =        dec # "~05",
  institution =  "The Pennsylvania State University CiteSeer Archives",
  url =          "http://www.nasa.org/"
}

@inproceedings{DPMG,
  author =       {Kim, Sangbum and Woo, Namyoon and Yeom, Heon Y. and Park,
                  Taesoon and Park, Hyoungwoo},
  title =        {Design and {I}mplementation of {D}ynamic {P}rocess
                  {M}anagement for {G}rid-enabled {MPICH}},
  booktitle =    {the 10th European PVM/MPI Users' Group Conference},
  year =         2003,
  address =      {Venice, Italy},
  month =        sep,
}

@inproceedings{cnproceed,
  author =       {王重阳 and 黄药师 and 欧阳峰 and 洪七公 and 段皇帝},
  title =        {武林高手从入门到精通},
  booktitle =    {第~$N$~次华山论剑},
  year =         2006,
  address =      {西安, 中国},
  month =        sep,
  lang =         "zh",
}

@article{cnarticle,
  author =       "贾宝玉 and 林黛玉 and 薛宝钗 and 贾探春",
  title =        "论刘姥姥食量大如牛之现实意义",
  journal =      "红楼梦杂谈",
  pages =        "260--266",
  volume =       224,
  year =         1800,
  lang =         "zh",
}

@mastersthesis{zhubajie,
  author =       {猪八戒},
  title =        {论流体食物的持久保存},
  school =       {广寒宫大学},
  year =         2005,
  address =      {北京},
  lang =         "zh",
}

@phdthesis{shaheshang,
  author =       {沙和尚},
  title =        {论流沙河的综合治理},
  school =       {清华大学},
  year =         2005,
  address =      {北京},
  lang =         "zh",
}

@mastersthesis{metamori2004,
  author =       {Ashwin Raju Jeyakumar},
  title =        {Metamori: A library for Incremental File Checkpointing},
  school =       {Virgina Tech},
  year =         2004,
  month =        jun # "~21",
  address =      {Blacksburg},
}

@phdthesis{FistSystem01,
  author =       "Erez Zadok",
  title =        "{FiST: A System for Stackable File System Code Generation}",
  year =         2001,
  month =        "May",
  school =       "Computer Science Department, Columbia University",
  address =      "USA"
}

@inbook{ColdSources,
  author =       {P. Gr{\"o}ning and L. Nilsson and P. Ruffieux and R.
                  Clergereaux and O. Gr{\"o}ning},
  title =        {Encyclopedia of Nanoscience and Nanotechnology},
  pages =        {547--579},
  publisher =    {American Scientific Publishers},
  year =         2004,
  volume =       1,
}

@online{chuban2001,
  author =      {萧钰},
  title =       {出版业信息化迈入快车道},
  modifydate =  {2001-12-19},
  citedate =    {2002-04-15},
  url =         {http://www.creader.com/news/200112190019.htm},
  lang =        {zh},
}

@online{oclc2000,
  author =      {{Online Computer Library Center, Inc.}},
  title =       {History of {OCLC}},
  citedate =    {2000-01-08},
  url =         {http://www.oclc.org/about/history/default.htm},
}
